<?xml version='1.0' encoding='UTF-8'?>
<records>
    <record>
        <uuid>f33b0330-d53d-41f8-a7b8-3334be547d0b</uuid>
        <datafield tag="001">003639920</datafield>
        <datafield tag="007">ki\|||;cr\|||||||||||</datafield>
        <datafield tag="008">990903s1860\\\\sz\\\\\\\\\\\\00\\\\zxx\d</datafield>
        <datafield tag="024">
            <subfield code="2">doi</subfield>
            <subfield code="a">10.3931/e-rara-64710</subfield>
        </datafield>
        <datafield tag="100">
            <subfield code="1">(DE-588)1089410395</subfield>
            <subfield code="4">art</subfield>
            <subfield code="a">Egli, Jean</subfield>
            <subfield code="c"></subfield>
            <subfield code="d">1828-1870</subfield>
            <subfield code="e">Künstler</subfield>
        </datafield>
        <datafield tag="245">
            <subfield code="a">Album der Stadt Zürich</subfield>
            <subfield code="b"></subfield>
            <subfield code="c">Jean Egli lith.</subfield>
            <subfield code="h"></subfield>
            <subfield code="n"></subfield>
            <subfield code="p"></subfield>
            <subfield code="a"></subfield>
            <subfield code="c"></subfield>
        </datafield>
        <datafield tag="264">
            <subfield code="a">[Zürich]</subfield>
            <subfield code="b">Ruff u. Hofer gedr.t</subfield>
            <subfield code="c">[1860]</subfield>
        </datafield>
        <datafield tag="300">
            <subfield code="a">10 Blätter</subfield>
            <subfield code="b">Lithografien</subfield>
            <subfield code="c"></subfield>
            <subfield code="e"></subfield>
        </datafield>
        <datafield tag="336">
            <subfield code="2">rdacontent</subfield>
            <subfield code="a">unbewegtes Bild</subfield>
            <subfield code="b">sti</subfield>
        </datafield>
        <datafield tag="337">
            <subfield code="2">rdamedia;\\ | rdamedia</subfield>
            <subfield code="a">ohne Hilfsmittel zu benutzen | Computermedien</subfield>
            <subfield code="b">n | c</subfield>
        </datafield>
        <datafield tag="338">
            <subfield code="2">rdacarrier;\\ | rdacarrier;\\ | rdacarrier</subfield>
            <subfield code="a">Blatt | Band | Online-Ressource</subfield>
            <subfield code="b">nb | nc | cr</subfield>
        </datafield>
        <datafield tag="500">
            <subfield code="5"></subfield>
            <subfield code="a">Keine Titelseite vorhanden; Umschlagtitel verwendet</subfield>
        </datafield>
        <datafield tag="590">\\$aDatierung und Angaben zum Inhalt gemäss Bleistiftnotizen auf der Rückseite des Umschlags$5Exemplar der Zentralbibliothek Zürich, Graphische Sammlung und Fotoarchiv</datafield>
        <datafield tag="650">
            <subfield code="1">(DE-588)4001393-5</subfield>
            <subfield code="2">gnd</subfield>
            <subfield code="a">Vedute</subfield>
            <subfield code="g"></subfield>
            <subfield code="x"></subfield>
        </datafield>
        <datafield tag="651">
            <subfield code="1">(DE-588)4068038-1</subfield>
            <subfield code="2">gnd</subfield>
            <subfield code="a">Zürich</subfield>
            <subfield code="g"></subfield>
            <subfield code="x"></subfield>
            <subfield code="z"></subfield>
        </datafield>
        <datafield tag="655">
            <subfield code="2">gnd-content</subfield>
            <subfield code="a">Bildband</subfield>
        </datafield>
        <datafield tag="695">ZG$aAnsicht [Formschlagwort Sondersammlungen];ZG$aLithographie [Formschlagwort Sondersammlungen];ZG$aVedute [Formschlagwort Sondersammlungen]</datafield>
        <datafield tag="751">
            <subfield code="1">(DE-588)4068038-1</subfield>
            <subfield code="4">pup</subfield>
            <subfield code="a">Zürich</subfield>
            <subfield code="e">Erscheinungsort</subfield>
            <subfield code="g"></subfield>
        </datafield>
        <datafield tag="852">
            <subfield code="a">ZAD50 | Einzelne Blätter;4\</subfield>
            <subfield code="b">Z02 | Z02 | Z01</subfield>
            <subfield code="c">GSM | GSM | OL</subfield>
            <subfield code="h"></subfield>
            <subfield code="j">PA 255 | G</subfield>
            <subfield code="p">ZM02505838 | ZD3520805</subfield>
        </datafield>
        <datafield tag="856">
            <subfield code="u">http://dx.doi.org/10.3931/e-rara-64710</subfield>
            <subfield code="x">Z01</subfield>
            <subfield code="z">Online via e-rara.ch</subfield>
        </datafield>
        <datafield tag="UUID">f33b0330-d53d-41f8-a7b8-3334be547d0b</datafield>
        <datafield tag="manifest">https://www.e-rara.ch/i3f/v20/17611827/manifest</datafield>
        <images>
            <image>
                <height>4577</height>
                <width>4510</width>
                <url type="iiif">https://www.e-rara.ch/zuz/i3f/v20/16259108</url>
            </image>
            <image>
                <height>4734</height>
                <width>4732</width>
                <url type="iiif">https://www.e-rara.ch/zuz/i3f/v20/17647994</url>
            </image>
            <image>
                <height>4609</height>
                <width>4479</width>
                <url type="iiif">https://www.e-rara.ch/zuz/i3f/v20/15554957</url>
            </image>
            <image>
                <height>4579</height>
                <width>4567</width>
                <url type="iiif">https://www.e-rara.ch/zuz/i3f/v20/16764640</url>
            </image>
            <image>
                <height>4570</height>
                <width>4354</width>
                <url type="iiif">https://www.e-rara.ch/zuz/i3f/v20/15555131</url>
            </image>
            <image>
                <height>4394</height>
                <width>4314</width>
                <url type="iiif">https://www.e-rara.ch/zuz/i3f/v20/17415899</url>
            </image>
            <image>
                <height>3926</height>
                <width>3873</width>
                <url type="iiif">https://www.e-rara.ch/zuz/i3f/v20/17768162</url>
            </image>
            <image>
                <height>4149</height>
                <width>3781</width>
                <url type="iiif">https://www.e-rara.ch/zuz/i3f/v20/14756640</url>
            </image>
            <image>
                <height>4420</height>
                <width>4443</width>
                <url type="iiif">https://www.e-rara.ch/zuz/i3f/v20/14392911</url>
            </image>
            <image>
                <height>4669</height>
                <width>4573</width>
                <url type="iiif">https://www.e-rara.ch/zuz/i3f/v20/17973786</url>
            </image>
        </images>
    </record>