
    <record>
        <uuid>42951b13-79f0-40a8-9e26-bbd4affddd43</uuid>
        <datafield tag="001">005145986</datafield>
        <datafield tag="007">ki\\\\;cr\|||||||||||</datafield>
        <datafield tag="008">050617s1838\\\\sz\\\\\\\\\\\\\\\\i\zxx\d</datafield>
        <datafield tag="024">
            <subfield code="2">doi</subfield>
            <subfield code="a">10.7891/e-manuscripta-71731</subfield>
            <subfield code="a"></subfield>
        </datafield>
        <datafield tag="245">
            <subfield code="a">[Kloster Töss, Kreuzgang]</subfield>
            <subfield code="b">[Jesus und die Samaritanerin; Speisung der Fünftausend]</subfield>
            <subfield code="c">[Johann Konrad Werdmüller]</subfield>
            <subfield code="h">Bildmaterial</subfield>
            <subfield code="n"></subfield>
            <subfield code="p"></subfield>
            <subfield code="a"></subfield>
            <subfield code="c"></subfield>
        </datafield>
        <datafield tag="260">
            <subfield code="a">[Winterthur]</subfield>
            <subfield code="b"></subfield>
            <subfield code="c">[ca. 1838]</subfield>
            <subfield code="e"></subfield>
            <subfield code="f"></subfield>
            <subfield code="g"></subfield>
        </datafield>
        <datafield tag="300">
            <subfield code="a">1 Zeichnung</subfield>
            <subfield code="b">Aquarell über Bleistift</subfield>
            <subfield code="c">Bild 14,8 x 19,3 cm, Unterlage 14,9 x 19,6 cm</subfield>
            <subfield code="e"></subfield>
        </datafield>
        <datafield tag="336">
            <subfield code="2">rdacontent</subfield>
            <subfield code="a">unbewegtes Bild</subfield>
            <subfield code="b">sti</subfield>
        </datafield>
        <datafield tag="337">
            <subfield code="2">rdamedia;\\ | rdamedia</subfield>
            <subfield code="a">Computermedien | ohne Hilfsmittel zu benutzen</subfield>
            <subfield code="b">c | n</subfield>
        </datafield>
        <datafield tag="338">
            <subfield code="2">rdacarrier;\\ | rdacarrier</subfield>
            <subfield code="a">Blatt | Online-Ressource</subfield>
            <subfield code="b">nb | cr</subfield>
        </datafield>
        <datafield tag="500">
            <subfield code="5"></subfield>
            <subfield code="a">In: Ludwig Schulthess und Joh. Conrad Werdmueller. Ansichten vom Kloster Toess;\\ | In: Silvia Volkart: Bilderwelt des Spätmittelalters. Die Wandmalereien im Kloster Töss, Winterthur 2011, S. 137</subfield>
        </datafield>
        <datafield tag="651">
            <subfield code="1">(DE-588)1058344676</subfield>
            <subfield code="2">gnd</subfield>
            <subfield code="a">Klosteranlage des Klosters Töss</subfield>
            <subfield code="g">Winterthur-Töss</subfield>
            <subfield code="x"></subfield>
            <subfield code="z"></subfield>
        </datafield>
        <datafield tag="655">
            <subfield code="2">gnd-content</subfield>
            <subfield code="a">Zeichnung</subfield>
        </datafield>
        <datafield tag="695">ZG$aAquarell [Formschlagwort Sondersammlungen];ZG$aAnsicht [Formschlagwort Sondersammlungen]</datafield>
        <datafield tag="700">
            <subfield code="1">(DE-588)1072176300</subfield>
            <subfield code="2"></subfield>
            <subfield code="4"></subfield>
            <subfield code="5"></subfield>
            <subfield code="a">Werdmüller, Johann Konrad</subfield>
            <subfield code="c"></subfield>
            <subfield code="d">1819-1892</subfield>
            <subfield code="e"></subfield>
            <subfield code="g"></subfield>
        </datafield>
        <datafield tag="852">
            <subfield code="a"></subfield>
            <subfield code="b">Z02 | Z01</subfield>
            <subfield code="c">GSB | OL</subfield>
            <subfield code="h"></subfield>
            <subfield code="j">PAS II 106</subfield>
            <subfield code="p">ZD401656 | ZD3602083</subfield>
        </datafield>
        <datafield tag="856">
            <subfield code="u">https://doi.org/10.7891/e-manuscripta-71731</subfield>
            <subfield code="z">Digitalisat in e-manuscripta</subfield>
        </datafield>
        <datafield tag="906">\\$iVM Bild = Image</datafield>
        <datafield tag="993">
            <subfield code="9">LOCAL</subfield>
            <subfield code="a">000001529_31</subfield>
            <subfield code="x">uzb-ZG</subfield>
        </datafield>
        <datafield tag="UUID">42951b13-79f0-40a8-9e26-bbd4affddd43</datafield>
        <datafield tag="manifest">https://www.e-manuscripta.ch/i3f/v20/1966008/manifest</datafield>
        <images>
            <image>
                <height>6708</height>
                <width>6307</width>
                <url type="iiif">https://www.e-manuscripta.ch/zuzneb/i3f/v20/1966009</url>
            </image>
        </images>
    </record>