
    <record>
        <uuid>ea220f4b-c0b9-4244-817d-3ade1734cd4c</uuid>
        <datafield tag="001">005146199</datafield>
        <datafield tag="007">ki\\\\;cr\|||||||||||</datafield>
        <datafield tag="008">060109s1751\\\\sz\\\\\\\\\\\\\\\\i\zxx\d</datafield>
        <datafield tag="024">
            <subfield code="2">doi</subfield>
            <subfield code="a">10.7891/e-manuscripta-58785</subfield>
            <subfield code="a"></subfield>
        </datafield>
        <datafield tag="245">
            <subfield code="a">Prospect bey dem obern Gyrenbad, gegen dem Glarnerland</subfield>
            <subfield code="b">nach der Natur gezeichnet</subfield>
            <subfield code="c">nach Felix Meyer gezeichnet ; von Johann Caspar Füessli</subfield>
            <subfield code="h">Bildmaterial</subfield>
            <subfield code="n"></subfield>
            <subfield code="p"></subfield>
            <subfield code="a"></subfield>
            <subfield code="c"></subfield>
        </datafield>
        <datafield tag="260">
            <subfield code="a">[Schweiz]</subfield>
            <subfield code="b"></subfield>
            <subfield code="c">1751</subfield>
            <subfield code="e"></subfield>
            <subfield code="f"></subfield>
            <subfield code="g"></subfield>
        </datafield>
        <datafield tag="300">
            <subfield code="a">1 Zeichnung</subfield>
            <subfield code="b">Feder in Schwarz und Grau, grau laviert</subfield>
            <subfield code="c">Bild 18,3 x 32,2 cm, Blatt 21,3 x 32,2 cm</subfield>
            <subfield code="e"></subfield>
        </datafield>
        <datafield tag="336">
            <subfield code="2">rdacontent</subfield>
            <subfield code="a">unbewegtes Bild</subfield>
            <subfield code="b">sti</subfield>
        </datafield>
        <datafield tag="337">
            <subfield code="2">rdamedia;\\ | rdamedia</subfield>
            <subfield code="a">Computermedien | ohne Hilfsmittel zu benutzen</subfield>
            <subfield code="b">c | n</subfield>
        </datafield>
        <datafield tag="338">
            <subfield code="2">rdacarrier;\\ | rdacarrier</subfield>
            <subfield code="a">Blatt | Online-Ressource</subfield>
            <subfield code="b">nb | cr</subfield>
        </datafield>
        <datafield tag="500">
            <subfield code="5"></subfield>
            <subfield code="a">Titel des Werkes oben in schwarzer Tinte, unten vom Künstler eigenhändig signiert</subfield>
        </datafield>
        <datafield tag="520">
            <subfield code="a">Blick auf die hügelige Landschaft um Girenbad im Kanton Zürich gegen Kanton Glarus</subfield>
        </datafield>
        <datafield tag="590">\\$aAus der Sammlung Steinfels (Eingang 1925);\\$aBlatt fleckig</datafield>
        <datafield tag="651">
            <subfield code="1">(DE-588)4021139-3 | (DE-588)1064280676</subfield>
            <subfield code="2">gnd;\7 | gnd</subfield>
            <subfield code="a">Glarus | Girenbad bei Turbenthal</subfield>
            <subfield code="g"></subfield>
            <subfield code="x"></subfield>
            <subfield code="z"></subfield>
        </datafield>
        <datafield tag="655">
            <subfield code="2">gnd;\7 | gnd-content</subfield>
            <subfield code="a">Bildliche Darstellung | Zeichnung</subfield>
        </datafield>
        <datafield tag="695">ZG$aAnsicht [Formschlagwort Sondersammlungen]</datafield>
        <datafield tag="700">
            <subfield code="1">(DE-588)117752266;1\ | (DE-588)139148213;1\ | (DE-588)129453560</subfield>
            <subfield code="2"></subfield>
            <subfield code="4">fmo</subfield>
            <subfield code="5"></subfield>
            <subfield code="a">Füssli, Johann Caspar | Meyer, Felix | Steinfels, Friedrich</subfield>
            <subfield code="c"></subfield>
            <subfield code="d">1706-1782 | 1653-1713 | 1808-1872</subfield>
            <subfield code="e">früherer Eigentümer</subfield>
            <subfield code="g"></subfield>
        </datafield>
        <datafield tag="852">
            <subfield code="a"></subfield>
            <subfield code="b">Z02 | Z01</subfield>
            <subfield code="c">GSB | OL</subfield>
            <subfield code="h"></subfield>
            <subfield code="j">STF Füssli, Johann Caspar VII 84</subfield>
            <subfield code="p">ZD401858 | ZD3489971</subfield>
        </datafield>
        <datafield tag="856">
            <subfield code="u">http://dx.doi.org/10.7891/e-manuscripta-58785</subfield>
            <subfield code="z">Digitalisat in e-manuscripta</subfield>
        </datafield>
        <datafield tag="901">6\$aSteinfels, Friedrich$d1808-1872$1(DE-588)129453560</datafield>
        <datafield tag="906">\\$iVM Bild = Image</datafield>
        <datafield tag="993">
            <subfield code="9">LOCAL</subfield>
            <subfield code="a">000001621</subfield>
            <subfield code="x">uzb-ZG</subfield>
        </datafield>
        <datafield tag="UUID">ea220f4b-c0b9-4244-817d-3ade1734cd4c</datafield>
        <datafield tag="manifest">https://www.e-manuscripta.ch/i3f/v20/1753013/manifest</datafield>
        <images>
            <image>
                <height>4551</height>
                <width>5331</width>
                <url type="iiif">https://www.e-manuscripta.ch/zuzneb/i3f/v20/1753014</url>
            </image>
        </images>
    </record>
</records>